%% Created using Papers on Wed, 14 Aug 2013.
%% http://papersapp.com/papers/

@article{Pyne:2009ec,
author = {Pyne, Saumyadipta and Hu, Xinli and Wang, Kui and Rossin, Elizabeth and Lin, Tsung-I and Maier, Lisa M and Baecher-Allan, Clare and McLachlan, Geoffrey J. and Tamayo, Pablo and Hafler, David A and De Jager, Philip L and Mesirov, Jill P},
title = {{Automated high-dimensional flow cytometric data analysis.}},
journal = {Proceedings of the National Academy of Sciences of the United States of America},
year = {2009},
volume = {106},
number = {21},
pages = {8519--8524},
month = may
}

@article{Maecker:2012gl,
author = {Maecker, Holden T and McCoy, J Philip and Nussenblatt, Robert},
title = {{Standardizing immunophenotyping for the Human Immunology Project.}},
journal = {Nature Reviews Immunology},
year = {2012},
volume = {12},
number = {3},
pages = {191--200},
month = mar,
annote = {In Figure 2, there is an excellent figure that provides the 5 gating hierarchies used in the Lyoplate project. It does a good job of indicating what the Lyoplate project really is doing. Start with a bunch of PBMCs and then determine the cellular subtypes.}
}

@article{Ge:2012hr,
author = {Ge, Yongchao and Sealfon, Stuart C},
title = {{flowPeaks: a fast unsupervised clustering for flow cytometry data via K-means and density peak finding.}},
journal = {Bioinformatics},
year = {2012},
volume = {28},
number = {15},
pages = {2052--2058},
month = aug
}

@article{Lo:2008it,
author = {Lo, Kenneth and Brinkman, Ryan R and Gottardo, Raphael},
title = {{Automated gating of flow cytometry data via robust model-based clustering}},
journal = {Cytometry Part A},
year = {2008},
volume = {73A},
number = {4},
pages = {321--332},
month = apr
}

@article{McNeil:2013du,
author = {McNeil, Lisa K and Price, Leah and Britten, Cedrik M and Jaimes, Maria and Maecker, Holden and Odunsi, Kunle and Matsuzaki, Junko and Staats, Janet S and Thorpe, Jerill and Yuan, Jianda and Janetzki, Sylvia},
title = {{A harmonized approach to intracellular cytokine staining gating: Results from an international multiconsortia proficiency panel conducted by the cancer immunotherapy consortium (CIC/CRI)}},
journal = {Cytometry Part A},
year = {2013},
pages = {728--738},
month = jun
}

@article{Lugli:2010ki,
author = {Lugli, Enrico and Roederer, Mario and Cossarizza, Andrea},
title = {{Data analysis in flow cytometry: the future just started.}},
journal = {Cytometry Part A},
year = {2010},
volume = {77},
number = {7},
pages = {705--713},
month = jul
}

@article{Lo:2009ka,
author = {Lo, Kenneth and Hahne, Florian and Brinkman, Ryan R and Gottardo, Raphael},
title = {{flowClust: a Bioconductor package for automated gating of flow cytometry data}},
journal = {BMC Bioinformatics},
year = {2009},
volume = {10},
number = {1},
pages = {145}
}

@book{Hastie:2008dt,
author = {Hastie, Trevor and Tibshirani, Robert and Friedman, Jerome},
title = {{The Elements of Statistical Learning}},
publisher = {Springer New York},
year = {2008},
series = {Data Mining, Inference, and Prediction},
address = {New York, NY},
edition = {2nd},
month = dec
}

@article{Naumann:2010jn,
author = {Naumann, Ulrike and Luta, George and Wand, Matthew P},
title = {{The curvHDR method for gating flow cytometry samples.}},
journal = {BMC Bioinformatics},
year = {2010},
volume = {11},
pages = {44}
}

@article{Bocsi:2008cv,
author = {Bocsi, Jozsef and T{\'a}rnok, Attila},
title = {{Toward automation of flow data analysis.}},
journal = {Cytometry Part A},
year = {2008},
volume = {73},
number = {8},
pages = {679--680},
month = aug
}

@article{Newell:2010jo,
author = {Newell, Kenneth A and Asare, Adam and Kirk, Allan D and Gisler, Trang D and Bourcier, Kasia and Suthanthiran, Manikkam and Burlingham, William J and Marks, William H and Sanz, Ignacio and Lechler, Robert I and Hernandez-Fuentes, Maria P and Turka, Laurence A and Seyfert-Margolis, Vicki L and {Immune Tolerance Network ST507 Study Group}},
title = {{Identification of a B cell signature associated with renal transplant tolerance in humans.}},
journal = {The Journal of clinical investigation},
year = {2010},
volume = {120},
number = {6},
pages = {1836--1847},
month = jun
}

@article{Aghaeepour:2010fv,
author = {Aghaeepour, Nima and Nikolic, Radina and Hoos, Holger H and Brinkman, Ryan R},
title = {{Rapid cell population identification in flow cytometry data}},
journal = {Cytometry Part A},
year = {2010},
volume = {79A},
number = {1},
pages = {6--13},
month = dec
}

@article{Hahne:2009hl,
author = {Hahne, Florian and Khodabakhshi, Alireza Hadj and Bashashati, Ali and Wong, Chao-Jen and Gascoyne, Randy D and Weng, Andrew P and Seyfert-Margolis, Vicky and Bourcier, Katarzyna and Asare, Adam and Lumley, Thomas and Gentleman, Robert and Brinkman, Ryan R},
title = {{Per-channel basis normalization methods for flow cytometry data}},
journal = {Cytometry Part A},
year = {2009},
volume = {9999A},
pages = {NA--NA}
}

@article{Nomura:2008db,
author = {Nomura, Laurel and Maino, Vernon C and Maecker, Holden T},
title = {{Standardization and optimization of multiparameter intracellular cytokine staining}},
journal = {Cytometry Part A},
year = {2008},
volume = {73A},
number = {11},
pages = {984--991},
month = nov,
annote = {This paper is largely a summary of ICS and how to standardize an ICS experiment. Little is discussed in terms of statistics and data analysis, although a reference is made to how many cells should be collected, especially for rare populations. Furthermore, this paper is largely an advertisement for BD Biosciences.

In the Methodology section a solid overview of ICS and how it is used in practice is given -- although this is one single application of iCS.}
}

@article{Chan:2008gq,
author = {Chan, Cliburn and Feng, Feng and Ottinger, Janet and Foster, David and West, Mike and Kepler, Thomas B},
title = {{Statistical mixture modeling for cell subtype identification in flow cytometry.}},
journal = {Cytometry Part A},
year = {2008},
volume = {73},
number = {8},
pages = {693--701},
month = aug
}

@article{Tarnok:2007eg,
author = {T{\'a}rnok, Attila},
title = {{A focus on automated recognition.}},
journal = {Cytometry Part A},
year = {2007},
volume = {71},
number = {10},
pages = {769--770},
month = oct
}

@article{Goepfert:2011ci,
author = {Goepfert, P A and Elizaga, M L and Sato, A and Qin, L and Cardinali, M and Hay, C M and Hural, J and DeRosa, S C and DeFawe, O D and Tomaras, G D and Montefiori, D C and Xu, Y and Lai, L and Kalams, S A and Baden, L R and Frey, S E and Blattner, W A and Wyatt, L S and Moss, B and Robinson, H L and {the National Institute of Allergy and Infectious Diseases HIV Vaccine Trials Network}},
title = {{Phase 1 Safety and Immunogenicity Testing of DNA and Recombinant Modified Vaccinia Ankara Vaccines Expressing HIV-1 Virus-like Particles}},
journal = {Journal of Infectious Diseases},
year = {2011},
volume = {203},
number = {5},
pages = {610--619},
month = jan,
annote = {Steve DeRosa mentioned that this is the paper we want to cite when briefly describing the HVTN065 data set.}
}

@article{Aghaeepour:2013dg,
author = {Aghaeepour, Nima and Finak, Greg and Dougall, David and Khodabakhshi, Alireza Hadj and Mah, Phillip and Obermoser, Gerlinde and Spidlen, Josef and Taylor, Ian and Wuensch, Sherry A and Bramson, Jonathan and Eaves, Connie and Weng, Andrew P and III, Edgardo S Fortuno and Ho, Kevin and Kollmann, Tobias and Rogers, Wade and De Rosa, Stephen and Dalal, Bakul and Azad, Ariful and Pothen, Alex and Brandes, Aaron and Bretschneider, Hannes and Bruggner, Robert and Finck, Rachel and Jia, Robin and Zimmerman, Noah and Linderman, Michael and Dill, David and Nolan, Gary and Chan, Cliburn and Khettabi, Faysal El and O'Neill, Kieran and Chikina, Maria and Ge, Yongchao and Sealfon, Stuart and Sug{\'a}r, Istv{\'a}n and Gupta, Arvind and Shooshtari, Parisa and Zare, Habil and De Jager, Philip L and Jiang, Mike and Keilwagen, Jens and Maisog, Jose M and Luta, George and Barbo, Andrea A and M{\'a}jek, Peter and Vil{\v c}ek, Jozef and Manninen, Tapio and Huttunen, Heikki and Ruusuvuori, Pekka and Nykter, Matti and McLachlan, Geoffrey J. and Wang, Kui and Naim, Iftekhar and Sharma, Gaurav and Nikolic, Radina and Pyne, Saumyadipta and Qian, Yu and Qiu, Peng and Quinn, John and Roth, Andrew and Meyer, Pablo and Stolovitzky, Gustavo and Saez-Rodriguez, Julio and Norel, Raquel and Bhattacharjee, Madhuchhanda and Biehl, Michael and Bucher, Philipp and Bunte, Kerstin and Di Camillo, Barbara and Sambo, Francesco and Sanavia, Tiziana and Trifoglio, Emanuele and Toffolo, Gianna and Dimitrieva, Slavica and Dreos, Rene and Ambrosini, Giovanna and Grau, Jan and Grosse, Ivo and Posch, Stefan and Guex, Nicolas and Keilwagen, Jens and Kursa, Miron and Rudnicki, Witold and Liu, Bo and Maienschein-Cline, Mark and Manninen, Tapio and Huttunen, Heikki and Ruusuvuori, Pekka and Nykter, Matti and Schneider, Petra and Seifert, Michael and Strickert, Marc and Vilar, Jose M G and Hoos, Holger and Mosmann, Tim R and Brinkman, Ryan R and Gottardo, Raphael and Scheuermann, Richard H},
title = {{Critical assessment of automated flow cytometry data analysis techniques}},
journal = {Nature Methods},
year = {2013},
volume = {10},
number = {3},
pages = {228--238},
month = feb,
annote = {A large emphasis is placed on ensemble clustering of the competing gating (clustering) methods. I'm interpreting this as clustering ensembles do a better job of identifying clustering boundaries. The supplementary information says that the *clue* package on CRAN is used.}
}

@article{Maecker:2005gm,
author = {Maecker, Holden T and Rinfret, Aline and D'Souza, Patricia and Darden, Janice and Roig, Eva and Landry, Claire and Hayes, Peter and Birungi, Josephine and Anzala, Omu and Garcia, Miguel and Harari, Alexandre and Frank, Ian and Baydo, Ruth and Baker, Megan and Holbrook, Jennifer and Ottinger, Janet and Lamoreaux, Laurie and Epling, C Lorrie and Sinclair, Elizabeth and Suni, Maria A and Punt, Kara and Calarota, Sandra and El-Bahi, Sophia and Alter, Gailet and Maila, Hazel and Kuta, Ellen and Cox, Josephine and Gray, Clive and Altfeld, Marcus and Nougarede, Nolwenn and Boyer, Jean and Tussey, Lynda and Tobery, Timothy and Bredt, Barry and Roederer, Mario and Koup, Richard and Maino, Vernon C and Weinhold, Kent and Pantaleo, Giuseppe and Gilmour, Jill and Horton, Helen and Sekaly, Rafick P},
title = {{Standardization of cytokine flow cytometry assays.}},
journal = {BMC immunology},
year = {2005},
volume = {6},
pages = {13}
}

@article{Friedman:2010wm,
author = {Friedman, Jerome and Hastie, Trevor and Tibshirani, Rob},
title = {{Regularization Paths for Generalized Linear Models via Coordinate Descent.}},
journal = {Journal of Statistical Software},
year = {2010},
volume = {33},
number = {1},
pages = {1--22}
}

@article{Harari:2005tp,
author = {Harari, Alexandre and Vallelian, Florence and Meylan, Pascal R and Pantaleo, Giuseppe},
title = {{Functional heterogeneity of memory CD4 T cell responses in different conditions of antigen exposure and persistence.}},
journal = {Journal of Immunology},
year = {2005},
volume = {174},
number = {2},
pages = {1037--1045},
month = jan
}

@article{Maecker:2010fg,
author = {Maecker, Holden T and McCoy, J Philip and Amos, Michael and Elliott, John and Gaigalas, Adolfas and Wang, Lili and Aranda, Richard and Banchereau, Jacques and Boshoff, Chris and Braun, Jonathan and Korin, Yael and Reed, Elaine and Cho, Judy and Hafler, David and Davis, Mark and Fathman, C Garrison and Robinson, William and Denny, Thomas and Weinhold, Kent and Desai, Bela and Diamond, Betty and Gregersen, Peter and DiMeglio, Paola and Nestle, Frank and Peakman, Mark and Villnova, Federica and Ferbas, John and Field, Elizabeth and Kantor, Aaron and Kawabata, Thomas and Komocsar, Wendy and Lotze, Michael and Nepom, Jerry and Ochs, Hans and O'Lone, Raegan and Phippard, Deborah and Plevy, Scott and Rich, Stephen and Roederer, Mario and Rotrosen, Dan and Yeh, Jung-Hua},
title = {{A model for harmonizing flow cytometry in clinical trials}},
journal = {Nature Immunology},
year = {2010},
volume = {11},
number = {11},
pages = {975--978},
month = nov
}

@article{DeRosa:2004wp,
author = {De Rosa, Stephen C and Lu, Fabien X and Yu, Joanne and Perfetto, Stephen P and Falloon, Judith and Moser, Susan and Evans, Thomas G and Koup, Richard and Miller, Christopher J and Roederer, Mario},
title = {{Vaccination in humans generates broad T cell cytokine responses.}},
journal = {Journal of Immunology},
year = {2004},
volume = {173},
number = {9},
pages = {5372--5380},
month = nov
}

@article{Parks:2006ga,
author = {Parks, David R and Roederer, Mario and Moore, Wayne A},
title = {{A new ``Logicle'' display method avoids deceptive effects of logarithmic scaling for low signals and compensated data}},
journal = {Cytometry Part A},
year = {2006},
volume = {69A},
number = {6},
pages = {541--551}
}

@article{Bashashati:2009em,
author = {Bashashati, Ali and Brinkman, Ryan R},
title = {{A Survey of Flow Cytometry Data Analysis Methods}},
journal = {Advances in Bioinformatics},
year = {2009},
volume = {2009},
pages = {1--19}
}

